<record><leader>00000cas a2200000 a 4500</leader><controlfield tag="001">11310344</controlfield><controlfield tag="008">841025d18941901couwr ne      0    0eng d</controlfield><datafield ind1=" " ind2=" " tag="010"><subfield code="a">sn 90051564 </subfield></datafield><datafield ind1=" " ind2=" " tag="040"><subfield code="a">COG</subfield><subfield code="b">eng</subfield><subfield code="c">COG</subfield><subfield code="d">CNQ</subfield><subfield code="d">OCL</subfield><subfield code="d">OCLCQ</subfield></datafield><datafield ind1=" " ind2=" " tag="042"><subfield code="a">msc</subfield></datafield><datafield ind1="0" ind2=" " tag="130"><subfield code="a">People's champion (Gunnison, Colo.)</subfield></datafield><datafield ind1="1" ind2="4" tag="245"><subfield code="a">The people's champion.</subfield></datafield><datafield ind1=" " ind2=" " tag="260"><subfield code="a">Gunnison, Gunnison County, Colo. :</subfield><subfield code="b">Whipp &amp; Bray</subfield></datafield><datafield ind1=" " ind2=" " tag="300"><subfield code="a">v.</subfield></datafield><datafield ind1=" " ind2=" " tag="310"><subfield code="a">Weekly</subfield></datafield><datafield ind1="1" ind2=" " tag="362"><subfield code="a">Began in 1894.</subfield></datafield><datafield ind1="0" ind2=" " tag="362"><subfield code="a">-v. 7, no. 22 (Jan. 10, 1901).</subfield></datafield><datafield ind1=" " ind2=" " tag="588"><subfield code="a">Description based on: Vol. 3, no. 21 (Jan. 7, 1897).</subfield></datafield><datafield ind1=" " ind2=" " tag="752"><subfield code="a">United States</subfield><subfield code="b">Colorado</subfield><subfield code="c">Gunnison</subfield><subfield code="d">Gunnison.</subfield></datafield><datafield ind1="0" ind2=" " tag="775"><subfield code="t">Daily people's champion</subfield><subfield code="w">(DLC)sn 90051643</subfield></datafield><datafield ind1="0" ind2="7" tag="785"><subfield code="t">Gunnison news (Gunnison, Colo. : 1891)</subfield><subfield code="w">(DLC)sn 90051565</subfield></datafield><datafield ind1="0" ind2="7" tag="785"><subfield code="t">Gunnison news and people's champion</subfield><subfield code="w">(DLC)sn 90051566</subfield></datafield></record>